%% This BibTeX bibliography file was created using BibDesk.
%% http://bibdesk.sourceforge.net/

@article{abideen_ReviewToolsMethods,
  title = {A {{Review}} of the {{Tools}} and {{Methods}} for {{Distribution Networks}}’ {{Hosting Capacity Calculation}}},
  author = {Zain Ul Abideen, Mohammad and Ellabban, Omar and Al-Fagih, Luluwah},
  year = 2020,
  journal = {Energies},
  issn = {1996-1073},
  doi = {10.3390/en13112758},
  url = {https://www.mdpi.com/1996-1073/13/11/2758},
  urldate = {2024-06-25},
  langid = {english},
}

@misc{iea2022,
  title        = {Global EV Outlook 2022},
  author       = {{International Energy Agency}},
  year         = 2022,
  url          = {https://iea.blob.core.windows.net/assets/ad8fb04c-4f75-42fc-973a-6e54c8a4449a/GlobalElectricVehicleOutlook2022.pdf},
  note         = {Accessed: 2024-08-18}
}

@misc{un_population_2024,
    author       = {{United Nations, Department of Economic and Social Affairs, Population Division}},
    title        = {World Population Prospects: The 2024 Revision},
    year         = {2024},
    url          = {https://population.un.org/wpp/Download/Standard/MostUsed/},
    note         = {Accessed: 2024-08-28}
}

@article{owid-energy-access,
    author = {Hannah Ritchie and Pablo Rosado and Max Roser},
    title = {Access to Energy},
    journal = {Our World in Data},
    year = {2019},
    note = {https://ourworldindata.org/energy-access}
}

@misc{ember2024electricity,
  author       = {Ember and Energy Institute},
  title        = {Total electricity generation per person – Ember and Energy Institute [dataset]},
  year         = {2024},
  note         = {Population based on various sources (2023) – with major processing by Our World in Data. Retrieved August 18, 2024 from \url{https://ourworldindata.org/grapher/per-capita-electricity-generation}},
  howpublished = {\textit{Ember, “Yearly Electricity Data”; Energy Institute, “Statistical Review of World Energy”; Various sources, “Population” [original data].}}
}

@misc{pcarvalho2024lecture,
  author       = {Carvalho, Pedro Manuel Santos de},
  title        = {Lecture notes from Data Analytics for Smart Grids},
  year         = {2024},
  note         = {Master's in Data Science and Engineering, 2nd semester, 2023/2024 academic year},
  howpublished = {Instituto Superior Técnico, Universidade de Lisboa},
}

@book{integrationdg_bollen2011,
  title={Integration of Distributed Generation in the Power System},
  author={Bollen, Math and Hassan, Fainan},
  year={2011},
  publisher={John Wiley \& Sons, Inc.},
  series={IEEE Press Series on Power Engineering},
  isbn={978-1-118-02901-5},
}

@misc{rahman_basicsElectricity_2016,
    author       = {Md Saifur Rahman},
    title        = {Basics of Electricity},
    year         = {2016},
    url          = {https://www.researchgate.net/profile/Md-Saifur-Rahman-8/publication/303309704_Basics_of_Electricity/links/573c46e508ae298602e55c1a/Basics-of-Electricity.pdf},
    note         = {Accessed: 2024-08-28}
}

@article{renewableenergies_rybar2015,
  title={Selected problems of classification of energy sources-What are renewable energy sources?},
  author={Ryb{\'a}r, Radim and Kudelas, Du{\v{s}}an and Beer, Martin},
  journal={Acta Montanistica Slovaca},
  volume={20},
  number={3},
  year={2015}
}

@data{IEEEDataPort,
doi = {10.21227/0d2n-j565},
url = {https://dx.doi.org/10.21227/0d2n-j565},
author = {Khan, Maman Ahmad and Hayes, Barry},
publisher = {IEEE Dataport},
title = {For paper "A Reduced Electrically-Equivalent Model of the IEEE European Low Voltage Test Feeder"},
year = {2020} }